<?xml version="1.0" encoding="UTF-8"?><collection xmlns="http://www.loc.gov/MARC21/slim"><record><leader>00522nam--2200193-u-4500</leader><controlfield tag="001">000051486</controlfield><controlfield tag="002">20161230</controlfield><controlfield tag="005">20161230201049</controlfield><controlfield tag="008">080722s1000------------r-----000-0-eng-d</controlfield><datafield ind1=" " ind2=" " tag="020"><subfield code="a">98102065569</subfield></datafield><datafield ind1=" " ind2=" " tag="040"><subfield code="a">IFIN-HH</subfield></datafield><datafield ind1=" " ind2=" " tag="080"><subfield code="a">517</subfield></datafield><datafield ind1="1" ind2=" " tag="100"><subfield code="a">Inomata,</subfield></datafield><datafield ind1="1" ind2="0" tag="245"><subfield code="a">Path integrals and coherent states of su(2) and su(1,1)</subfield><subfield code="c">A. inomata, h. kuratsuji, c.c. gerry</subfield></datafield><datafield ind1=" " ind2=" " tag="260"><subfield code="a">Singapore</subfield><subfield code="b">World Scientific</subfield><subfield code="c">1992</subfield></datafield><datafield ind1=" " ind2=" " tag="300"><subfield code="a">318 p</subfield></datafield><datafield ind1="1" ind2=" " tag="700"><subfield code="a">Gerry, C.C</subfield></datafield><datafield ind1=" " ind2=" " tag="852"><subfield code="a">81658</subfield><subfield code="c">517.3</subfield></datafield><datafield ind1=" " ind2=" " tag="CAT"><subfield code="a">Sys</subfield><subfield code="c">20150814</subfield><subfield code="h">092849</subfield></datafield></record></collection>